% ARTICLES
@article{Lippi2016ArgumentationMS,
  title={Argumentation Mining: State of the Art and Emerging Trends},
  author={Marco Lippi and Paolo Torroni},
  journal={ACM Trans. Internet Techn.},
  year={2016},
  volume={16},
  pages={10:1-10:25}
},

% INPROCEEDINGS/CONFERENCES:
@inproceedings{Cabrera2017GraWiTasAG,
  title={GraWiTas: a Grammar-based Wikipedia Talk Page Parser},
  author={Benjamin Cabrera and Laura Steinert and Bj{\"o}rn Ross},
  booktitle={EACL},
  pages={21--24},
  year={2017}
},

@inproceedings{ApproxToTruth,
  title={Approximations to Truth in Online Comment Networks (Extended Abstract)},
  author={Young, P. A. and Joglekar, Sagar and Garimella, Kiran and Sastry, Nishanth},
  booktitle={7th International Conference on Computational Models of Argument},
  pages={3},
  year={2018}
},

@inproceedings{Cocarascu2017MiningBA,
  title={Mining Bipolar Argumentation Frameworks from Natural Language Text},
  author={Oana Cocarascu and Francesca Toni},
  booktitle={CMNA@ICAIL},
  pages={5},
  year={2017}
},

@inproceedings{Bosc2016TweetiesSP,
  title={Tweeties Squabbling: Positive and Negative Results in Applying Argument Mining on Social Media},
  author={Tom Bosc and Elena Cabrio and Serena Villata},
  booktitle={COMMA},
  pages={21--32},
  year={2016}
},

@inproceedings{Cabrio2012NaturalLA,
  title={Natural Language Arguments: A Combined Approach},
  author={Elena Cabrio and Serena Villata},
  booktitle={ECAI},
  pages={6},
  year={2012}
},

@inproceedings{Dusmanu2017ArgumentMO,
  title={Argument Mining on Twitter: Arguments, Facts and Sources},
  author={Mihai Dusmanu and Elena Cabrio and Serena Villata},
  booktitle={EMNLP},
  pages={2317--2322},
  year={2017}
}