@phdthesis{phdthesis,
  title={The Title},
  author={Doe, J.},
  year={2011},
  school={University of Mars}
},

@article{GraWiTas,
  title={GraWiTas: a Grammar-based Wikipedia Talk Page Parser},
  author={Cabrera, Benjamin and Steinert, Laura and Ross, Bj√∂rn},
  journal={Proceedings of the EACL 2017 Software Demonstrations},
  publisher={Association for Computational Linguistics},
  pages={21--24},
  year={2017}
},

@conference{ApproxToTruth,
  title={Approximations to Truth in Online Comment Networks (Extended Abstract)},
  author={Young, P. A. and Joglekar, Sagar and Garimella, Kiran and Sastry, Nishanth},
  booktitle={COMMA},
  pages={1--3},
  year={2018}
},

@article{MiningBAFfromNatLang,
  title={Mining Bipolar Argumentation Frameworks from natural language text},
  author={Cocarascu, Oana and Toni, Francesca},
  pages={1--5},
  year={2017}
},

@article{ArgMiningStateOfTheArt,
  title={Argumentation Mining: State of the Art and Emerging Trends},
  author={Lippi, Marco and Torroni, Paolo},
  journal={ACM Trans. Internet Techn.},
  volume={16},
  number={2},
  pages={25},
  year={2016}
},

@book{Joh11,
    title = {Gaussian estimation: Sequence and multiresolution models},
    author = {Johnstone, Ian M.},
    year = {2011},
},

@misc{website:fermentas-lambda,
      author = {Fermentas Inc.},
      title = {Phage Lambda: description \& restriction map},
      month = {November},
      year = {2008},
      url = {http://www.fermentas.com/techinfo/nucleicacids/maplambda.htm}
}